<?xml version="1.0" encoding="UTF-8"?><collection xmlns="http://www.loc.gov/MARC21/slim"><record><leader>00501nam--2200133-i-4500</leader><controlfield tag="001">000036716</controlfield><controlfield tag="002">20161230</controlfield><controlfield tag="005">20161230201041</controlfield><controlfield tag="008">060222s1000------------r-----000-0-eng-d</controlfield><datafield ind1=" " ind2=" " tag="080"><subfield code="a">530.145:538.3</subfield></datafield><datafield ind1=" " ind2=" " tag="100"><subfield code="a">Plebanski, Jerzy</subfield></datafield><datafield ind1=" " ind2=" " tag="245"><subfield code="a">Lectures on non-linear electrodynamics. an extended version of lectures given by jerzy plebanski at the niels bohr institute and nordita, copenhagen, in oct., 1968</subfield></datafield><datafield ind1=" " ind2=" " tag="260"><subfield code="a">Copenhagen, Nordisk Institut For Teoretisk Atomfysik, 1970, Iii + 147p</subfield></datafield><datafield ind1=" " ind2=" " tag="852"><subfield code="a">33210</subfield></datafield></record></collection>